@unpublished{convNetSize,
    author =       "Jimmy Ba",
    title =        "CSC421/2516 Lecture 5: Convolutional Neural Network \& Image Classification",
    pages =        "48",
    year =         "2020",
    institution="University of Toronto"
}
